<?xml version='1.0' encoding='UTF-8'?>
<record xmlns="http://www.loc.gov/MARC21/slim">
  <leader>01145cam a2200277M  4500</leader>
  <controlfield tag="001">2764876</controlfield>
  <controlfield tag="003">NjP</controlfield>
  <controlfield tag="005">20171010174626.0</controlfield>
  <controlfield tag="008">911219s1970    iq            000 0 arar </controlfield>
  <datafield tag="024" ind1="7" ind2=" ">
    <subfield code="a">princeton_aco002025</subfield>
    <subfield code="2">local</subfield>
  </datafield>
  <datafield ind1=" " ind2=" " tag="010">
    <subfield code="a">   71261006  </subfield>
  </datafield>
  <datafield ind1=" " ind2=" " tag="035">
    <subfield code="a">(OCoLC)ocm25082056</subfield>
  </datafield>
  <datafield ind1=" " ind2=" " tag="035">
    <subfield code="9">CNG0278TS</subfield>
  </datafield>
  <datafield ind1=" " ind2=" " tag="040">
    <subfield code="a">DLC</subfield>
    <subfield code="c">HVL</subfield>
    <subfield code="d">PUL</subfield>
  </datafield>
  <datafield ind1=" " ind2=" " tag="043">
    <subfield code="a">a-iq---</subfield>
  </datafield>
  <datafield ind1="1" ind2=" " tag="100">
    <subfield code="a">Saʻdī, Ḥamīd.</subfield>
  </datafield>
  <datafield ind1="1" ind2="0" tag="245">
    <subfield code="a">Sharḥ qānūn al-ʻuqūbāt al-jadīd,</subfield>
    <subfield code="b">dirāsah taḥlīlīyah muqāranah</subfield>
    <subfield code="c">[taʾlīf] Ḥamīd al-Saʻdī.</subfield>
  </datafield>
  <datafield ind1=" " ind2=" " tag="260">
    <subfield code="a">Baghdād,</subfield>
    <subfield code="b">Maṭbaʻat al-Maʻārif,</subfield>
    <subfield code="c">1970-</subfield>
  </datafield>
  <datafield ind1=" " ind2=" " tag="300">
    <subfield code="a">v.</subfield>
    <subfield code="c">24 cm.</subfield>
  </datafield>
  <datafield ind1="1" ind2=" " tag="505">
    <subfield code="a">al-juzʾ 1. al-Aḥkām al-ʻāmmah (al-jarīmah wa-al-masʾūlīyah al-jināʾīyah)</subfield>
  </datafield>
  <datafield ind1=" " ind2=" " tag="500">
    <subfield code="a">Cover title: Commentaire du nouveau code pénal irakien, par Hamid al-Saadi.</subfield>
  </datafield>
  <datafield ind1=" " ind2=" " tag="504">
    <subfield code="a">Includes bibliographical references</subfield>
  </datafield>
  <datafield ind1=" " ind2="0" tag="650">
    <subfield code="a">Criminal law</subfield>
    <subfield code="z">Iraq.</subfield>
  </datafield>
  <datafield ind1="1" ind2="2" tag="710">
    <subfield code="a">Iraq.</subfield>
    <subfield code="t">Qānūn al-ʻuqūbāt (1969)</subfield>
    <subfield code="f">1970.</subfield>
    <subfield code="0">http://id.loc.gov/authorities/names/n79077342</subfield>
  </datafield>
  <datafield ind1="0" ind2=" " tag="740">
    <subfield code="a">Commentaire du nouveau code pénal irakien.</subfield>
  </datafield>
  <datafield ind1=" " ind2=" " tag="945">
    <subfield code="a">F</subfield>
    <subfield code="b">1</subfield>
    <subfield code="c">2274.7867.386</subfield>
    <subfield code="e">v.1</subfield>
  </datafield>
  <datafield ind1=" " ind2=" " tag="911">
    <subfield code="a">20000130</subfield>
  </datafield>
  <datafield ind1="0" ind2="1" tag="852">
    <subfield code="0">3075667</subfield>
    <subfield code="b">nec</subfield>
    <subfield code="t">1</subfield>
    <subfield code="h">HV7085</subfield>
    <subfield code="i">.S235 1970</subfield>
  </datafield>
  <datafield ind1=" " ind2="0" tag="866">
    <subfield code="0">3075667</subfield>
    <subfield code="8">0</subfield>
    <subfield code="a">v.1</subfield>
  </datafield>
  <datafield ind1=" " ind2=" " tag="959">
    <subfield code="a">2009-07-07 12:20:31 -0400</subfield>
  </datafield>
</record>
